<record><leader>00000cas a2200000 a 4500</leader><controlfield tag="001">28296389</controlfield><controlfield tag="008">930618d18821901nyuwr ne      0    0eng c</controlfield><datafield ind1=" " ind2=" " tag="010"><subfield code="a">sn 93062938 </subfield></datafield><datafield ind1=" " ind2=" " tag="040"><subfield code="a">YOX</subfield><subfield code="b">eng</subfield><subfield code="c">YOX</subfield><subfield code="d">NYS</subfield><subfield code="d">KRTAS</subfield><subfield code="d">OCLCQ</subfield><subfield code="d">OCLCF</subfield><subfield code="d">OCLCO</subfield></datafield><datafield ind1="1" ind2=" " tag="029"><subfield code="a">AU@</subfield><subfield code="b">000020744529</subfield></datafield><datafield ind1=" " ind2=" " tag="042"><subfield code="a">pcc</subfield></datafield><datafield ind1=" " ind2=" " tag="043"><subfield code="a">n-us-ny</subfield></datafield><datafield ind1="0" ind2="4" tag="245"><subfield code="a">The Sing Sing republican.</subfield></datafield><datafield ind1="1" ind2="3" tag="246"><subfield code="a">Republican</subfield></datafield><datafield ind1=" " ind2=" " tag="260"><subfield code="a">Sing Sing, N.Y. :</subfield><subfield code="b">[s.n.],</subfield><subfield code="c">1882-1901.</subfield></datafield><datafield ind1=" " ind2=" " tag="300"><subfield code="a">v. ;</subfield><subfield code="c">60 cm.</subfield></datafield><datafield ind1=" " ind2=" " tag="310"><subfield code="a">Weekly</subfield></datafield><datafield ind1="1" ind2=" " tag="362"><subfield code="a">Began in 1882?</subfield></datafield><datafield ind1="1" ind2=" " tag="362"><subfield code="a">Ceased in 1901. Cf. Redway, v. L. Short History and Bibliography of Ossining Newspapers, 1797-1951.</subfield></datafield><datafield ind1=" " ind2=" " tag="500"><subfield code="a">Editor and proprietor: M.F. Rowe.</subfield></datafield><datafield ind1=" " ind2=" " tag="588"><subfield code="a">Description based on: Vol. 55, no. 2838 (Feb. 12, 1885).</subfield></datafield><datafield ind1=" " ind2="0" tag="651"><subfield code="a">Ossining (N.Y.)</subfield><subfield code="v">Newspapers.</subfield></datafield><datafield ind1=" " ind2="0" tag="651"><subfield code="a">Westchester County (N.Y.)</subfield><subfield code="v">Newspapers.</subfield></datafield><datafield ind1=" " ind2="7" tag="655"><subfield code="a">Newspapers.</subfield><subfield code="2">fast</subfield><subfield code="0">(OCoLC)fst01423814</subfield></datafield><datafield ind1=" " ind2="7" tag="651"><subfield code="a">New York (State)</subfield><subfield code="z">Ossining.</subfield><subfield code="2">fast</subfield><subfield code="0">(OCoLC)fst01221603</subfield></datafield><datafield ind1=" " ind2="7" tag="651"><subfield code="a">New York (State)</subfield><subfield code="z">Westchester County.</subfield><subfield code="2">fast</subfield><subfield code="0">(OCoLC)fst01202684</subfield></datafield><datafield ind1=" " ind2=" " tag="752"><subfield code="a">United States</subfield><subfield code="b">New York</subfield><subfield code="c">Westchester</subfield><subfield code="d">Sing Sing.</subfield></datafield><datafield ind1="0" ind2="0" tag="780"><subfield code="t">Republican (Sing Sing, N.Y.)</subfield><subfield code="w">(DLC)sn 83031496</subfield><subfield code="w">(OCoLC)9891043</subfield></datafield><datafield ind1="0" ind2="0" tag="785"><subfield code="t">Ossining republican</subfield><subfield code="w">(DLC)sn2003060392</subfield><subfield code="w">(OCoLC)52698204</subfield></datafield><datafield ind1=" " ind2=" " tag="938"><subfield code="a">Kirtas Technologies, Inc.</subfield><subfield code="b">KRTS</subfield><subfield code="n">740629</subfield></datafield></record>